@inproceedings{PasternackR13,
  author    = {Jeff Pasternack and
               Dan Roth},
  title     = {{Latent Credibility Analysis}},
  booktitle = {Proc. {WWW}},
  address = {Rio de Janeiro, Brazil},
  year      = {2013},
  pages     = {1009-1020}
}
@inproceedings{WangKLA12,
  author    = {Dong Wang and
               Lance M. Kaplan and
               Hieu Khac Le and
               Tarek F. Abdelzaher},
  title     = {{On Truth Discovery in Social Sensing: a Maximum Likelihood
               Estimation Approach}},
  booktitle = {Proc. {IPSN}},
  address = {New York, USA},
  year      = {2012},
  pages     = {233-244}
}
@article{LiDLMS12,
  author    = {Xian Li and
               Xin Luna Dong and
               Kenneth Lyons and
               Weiyi Meng and
               Divesh Srivastava},
  title     = {{Truth Finding on the Deep Web: Is the Problem Solved?}},
  journal   = {PVLDB},
  volume    = {6},
  number    = {2},
  year      = {2012},
  pages     = {97-108}
}

@article{ZhaoRGH12,
  author    = {Bo Zhao and
               Benjamin I. P. Rubinstein and
               Jim Gemmell and
               Jiawei Han},
  title     = {{A Bayesian Approach to Discovering Truth from Conflicting
               Sources for Data Integration}},
  journal   = {PVLDB},
  volume    = {5},
  number    = {6},
  year      = {2012},
  pages     = {550-561}
}
@inproceedings{YinT11,
  author    = {Xiaoxin Yin and
               Wenzhao Tan},
  title     = {{Semi-Supervised Truth Discovery}},
  booktitle = {Proc. {WWW}},
  year      = {2011},
  address = {Hyderabad, India},
  pages     = {217-226}
}
@inproceedings{GeGYFZ12,
  author    = {Liang Ge and
               Jing Gao and
               Xiao Yu and
               Wei Fan and
               Aidong Zhang},
  title     = {{Estimating Local Information Trustworthiness via Multi-source
               Joint Matrix Factorization}},
  booktitle = {Proc. {ICDM}},
  address ={Brussels, Belgium},
  publisher = {IEEE},
  year      = {2012},
  pages     = {876-881}
}
@inproceedings{GallandAMS10,
  author    = {Alban Galland and
               Serge Abiteboul and
               Am{\'e}lie Marian and
               Pierre Senellart},
  title     = {{Corroborating Information from Disagreeing Views}},
  booktitle = {Proc. {WSDM}},
  address = {New York, USA},
  year      = {2010},
  pages     = {131-140}
}
@inproceedings{GoasdoueKKLMZ13,
  author    = {Fran\c{c}ois Goasdou{\'e} and
               Konstantinos Karanasos and
               Yannis Katsis and
               Julien Leblay and
               Ioana Manolescu and
               Stamatis Zampetakis},
  title     = {{Fact Checking and Analyzing the Web}},
  booktitle = {Proc. {SIGMOD}},
  address = {New York, USA},
  year      = {2013},
  pages     = {997-1000}
}

@inproceedings{BalakrishnanK11,
  author    = {Raju Balakrishnan and
               Subbarao Kambhampati},
  title     = {{SourceRank: Relevance and Trust Assessment for Deep Web
               Sources based on Inter-source Agreement}},
  booktitle = {Proc. {WWW}},
  year      = {2011},
  address = {Hyderabad, India},
  pages     = {227-236}
}
@article{YinHY08,
  author    = {Xiaoxin Yin and
               Jiawei Han and
               Philip S. Yu},
  title     = {{Truth Discovery with Multiple Conflicting Information Providers
               on the Web}},
  journal   = {IEEE Trans. Knowl. Data Eng.},
  volume    = {20},
  number    = {6},
  year      = {2008},
  pages     = {796-808}
}
@article{DongBHS10a,
  author    = {Xin Dong and
               Laure Berti-Equille and
               Yifan Hu and
               Divesh Srivastava},
  title     = {{SOLOMON: Seeking the Truth Via Copying Detection}},
  journal   = {PVLDB},
  volume    = {3},
  number    = {2},
  year      = {2010},
  pages     = {1617-1620}
}
@article{DongBS09a,
  author    = {Xin Luna Dong and
               Laure Berti-Equille and
               Divesh Srivastava},
  title     = {{Truth Discovery and Copying Detection in a Dynamic World}},
  journal   = {PVLDB},
  volume    = {2},
  number    = {1},
  year      = {2009},
  pages     = {562-573}
}

@article{Thirunarayan2014182,
title = {Comparative Trust Management with Applications: Bayesian Approaches Emphasis},
author = {Krishnaprasad Thirunarayan and Pramod Anantharam and Cory Henson and Amit Sheth},
journal = {Future Generation Computer Systems},
volume = {31},
number = {0},
pages = {182--199},
year = {2014}
}

@inproceedings{rumor-icdm2013,
  author = {Sejeong Kwon and Meeyoung Cha and Kyomin Jung and Wei Chen and Yajun Wang},
  title = {{Prominent Features of Rumor Propagation in Online Social Media}},
  booktitle = {Proc. {ICDM}},
  address = {Dallas, USA}, 
  pages={1103 -- 1108 },
  year = {2013},
}
@inproceedings{ImranECDM13,
  author    = {Muhammad Imran and
               Shady Elbassuoni and
               Carlos Castillo and
               Fernando Diaz and
               Patrick Meier},
  title     = {{Practical Extraction of Disaster-Relevant Information from
               Social Media}},
  booktitle = {proc. {WWW 2013}},
  address = {Rio de Janeiro, Brazil},
  year      = {2013},
  pages     = {1021-1024}
}

@inproceedings{DongS2013,
author = {Xin Luna Dong and Divesh Srivastava},
title = {{Big Data Integration. (Tutorial)}},
booktitle ={Proc. {ICDE}},
  address = {Brisbane, Australia},
year = {2013},
pages = {1245-1248}
}

@article{Gottlob92,
  author = {Gottlob, Georg},
  journal = {J. Log. Comput.},
  number = 3,
  pages = {397-425},
  title = {Complexity Results for Nonmonotonic Logics.},
  volume = 2,
  year = 1992
}
@Book{GorankoOtto06, 
  author = 	 {V. Goranko and M. Otto},
  title = 	 {Handbook of Modal Logic},
  chapter = 	 {Model Theory of Modal Logic},
  publisher = 	 {Elsevier},
  year = 	 {2006},
  pages = 	 {255-325}
}
@article{GreenT06,
  author    = {Todd J. Green and
               Val Tannen},
  title     = {Models for Incomplete and Probabilistic Information},
  journal   = {IEEE Data Eng. Bull.},
  volume    = {29},
  number    = {1},
  year      = {2006},
  pages     = {17-24}
}
@article{AgrawalSUW10,
  author    = {Parag Agrawal and
               Anish Das Sarma and
               Jeffrey D. Ullman and
               Jennifer Widom},
  title     = {Foundations of Uncertain-Data Integration},
  journal   = {PVLDB},
  volume    = {3},
  number    = {1},
  year      = {2010},
  pages     = {1080-1090}
}

@article{CalvaneseGLLR08,
  author    = {Diego Calvanese and
               Giuseppe De Giacomo and
               Domenico Lembo and
               Maurizio Lenzerini and
               Riccardo Rosati},
  title     = {Inconsistency tolerance in P2P data integration: An epistemic
               logic approach},
  journal   = {Inf. Syst.},
  volume    = {33},
  number    = {4-5},
  year      = {2008},
  pages     = {360-384}
}
@article{GatterbauerBKS09,
  author    = {Wolfgang Gatterbauer and
               Magdalena Balazinska and
               Nodira Khoussainova and
               Dan Suciu},
  title     = {Believe It or Not: Adding Belief Annotations to Databases},
  journal   = {PVLDB},
  volume    = {2},
  number    = {1},
  year      = {2009},
  pages     = {1-12}
}
@article{Cadoli93,
  AUTHOR = {M. Cadoli and M. Schaerf},
  TITLE = {A Survey of Complexity Results for Non-Monotonic Logics},
  YEAR = 1993,
  JOURNAL = {Logic Programming},
  VOLUME = {17},
  PAGES = {127-160}
  }
  
  
  @inproceedings{VCSM14,
  author = {M. Volkovs and F. Chiang and J. Szlichta and R. J. Miller},
  title = {Continuous Data Cleaning},
  booktitle = {Proc. {ICDE}},
  address = {Chicago, USA},
  pages = {244 -- 255},
  year = {2014}
}
@inproceedings{eps270829,
       booktitle = {Proc, Web Science Conference},
           title = {Context Representation for the Semantic Web},
          author = {Jie Bao and Jiao Tao and Deborah L. McGuinness and Paul Smart},
          address = {Raleigh, USA},
          year = {2010}
}
@inproceedings{Ma15,
 author = {Ma, Fenglong and Li, Yaliang and Li, Qi and Qiu, Minghui and Gao, Jing and Zhi, Shi and Su, Lu and Zhao, Bo and Ji, Heng and Han, Jiawei},
 title = {{FaitCrowd:} Fine Grained Truth Discovery for Crowdsourced Data Aggregation},
 booktitle = {Proc. {SIGKDD}},
 year = {2015},
 location = {Sydney, NSW, Australia},
 pages = {745--754}