@inproceedings{PasternackR13,
  author    = {Jeff Pasternack and
               Dan Roth},
  title     = {{Latent Credibility Analysis}},
  booktitle = {Proc. {WWW}},
  address = {Rio de Janeiro, Brazil},
  year      = {2013},
  pages     = {1009-1020}
}
@inproceedings{WangKLA12,
  author    = {Dong Wang and
               Lance M. Kaplan and
               Hieu Khac Le and
               Tarek F. Abdelzaher},
  title     = {{On Truth Discovery in Social Sensing: a Maximum Likelihood
               Estimation Approach}},
  booktitle = {Proc. {IPSN}},
  address = {New York, USA},
  year      = {2012},
  pages     = {233-244}
}
@article{LiDLMS12,
  author    = {Xian Li and
               Xin Luna Dong and
               Kenneth Lyons and
               Weiyi Meng and
               Divesh Srivastava},
  title     = {{Truth Finding on the Deep Web: Is the Problem Solved?}},
  journal   = {PVLDB},
  volume    = {6},
  number    = {2},
  year      = {2012},
  pages     = {97-108}
}

@article{ZhaoRGH12,
  author    = {Bo Zhao and
               Benjamin I. P. Rubinstein and
               Jim Gemmell and
               Jiawei Han},
  title     = {{A Bayesian Approach to Discovering Truth from Conflicting
               Sources for Data Integration}},
  journal   = {PVLDB},
  volume    = {5},
  number    = {6},
  year      = {2012},
  pages     = {550-561}
}
@inproceedings{YinT11,
  author    = {Xiaoxin Yin and
               Wenzhao Tan},
  title     = {{Semi-Supervised Truth Discovery}},
  booktitle = {Proc. {WWW}},
  year      = {2011},
  address = {Hyderabad, India},
  pages     = {217-226}
}
@inproceedings{GeGYFZ12,
  author    = {Liang Ge and
               Jing Gao and
               Xiao Yu and
               Wei Fan and
               Aidong Zhang},
  title     = {{Estimating Local Information Trustworthiness via Multi-source
               Joint Matrix Factorization}},
  booktitle = {Proc. {ICDM}},
  address ={Brussels, Belgium},
  publisher = {IEEE},
  year      = {2012},
  pages     = {876-881}
}
@inproceedings{GallandAMS10,
  author    = {Alban Galland and
               Serge Abiteboul and
               Am{\'e}lie Marian and
               Pierre Senellart},
  title     = {{Corroborating Information from Disagreeing Views}},
  booktitle = {Proc. {WSDM}},
  address = {New York, USA},
  year      = {2010},
  pages     = {131-140}
}
@inproceedings{GoasdoueKKLMZ13,
  author    = {Fran\c{c}ois Goasdou{\'e} and
               Konstantinos Karanasos and
               Yannis Katsis and
               Julien Leblay and
               Ioana Manolescu and
               Stamatis Zampetakis},
  title     = {{Fact Checking and Analyzing the Web}},
  booktitle = {Proc. {SIGMOD}},
  address = {New York, USA},
  year      = {2013},
  pages     = {997-1000}
}

@inproceedings{BalakrishnanK11,
  author    = {Raju Balakrishnan and
               Subbarao Kambhampati},
  title     = {{SourceRank: Relevance and Trust Assessment for Deep Web
               Sources based on Inter-source Agreement}},
  booktitle = {Proc. {WWW}},
  year      = {2011},
  address = {Hyderabad, India},
  pages     = {227-236}
}
@article{YinHY08,
  author    = {Xiaoxin Yin and
               Jiawei Han and
               Philip S. Yu},
  title     = {{Truth Discovery with Multiple Conflicting Information Providers
               on the Web}},
  journal   = {IEEE Trans. Knowl. Data Eng.},
  volume    = {20},
  number    = {6},
  year      = {2008},
  pages     = {796-808}
}

@article{Thirunarayan2014182,
title = {Comparative Trust Management with Applications: Bayesian Approaches Emphasis},
author = {Krishnaprasad Thirunarayan and Pramod Anantharam and Cory Henson and Amit Sheth},
journal = {Future Generation Computer Systems},
volume = {31},
number = {0},
pages = {182--199},
year = {2014}
}

@inproceedings{rumor-icdm2013,
  author = {Sejeong Kwon and Meeyoung Cha and Kyomin Jung and Wei Chen and Yajun Wang},
  title = {{Prominent Features of Rumor Propagation in Online Social Media}},
  booktitle = {Proc. {ICDM}},
  address = {Dallas, USA}, 
  pages={1103 -- 1108 },
  year = {2013},
}
@inproceedings{ImranECDM13,
  author    = {Muhammad Imran and
               Shady Elbassuoni and
               Carlos Castillo and
               Fernando Diaz and
               Patrick Meier},
  title     = {{Practical Extraction of Disaster-Relevant Information from
               Social Media}},
  booktitle = {proc. {WWW 2013}},
  address = {Rio de Janeiro, Brazil},
  year      = {2013},
  pages     = {1021-1024}
}

@inproceedings{DongS2013,
author = {Xin Luna Dong and Divesh Srivastava},
title = {{Big Data Integration. (Tutorial)}},
booktitle ={Proc. {ICDE}},
  address = {Brisbane, Australia},
year = {2013},
pages = {1245-1248}
}

@article{Gottlob92,
  author = {Gottlob, Georg},
  journal = {J. Log. Comput.},
  number = 3,
  pages = {397-425},
  title = {Complexity Results for Nonmonotonic Logics.},
  volume = 2,
  year = 1992
}
@Book{GorankoOtto06, 
  author = 	 {V. Goranko and M. Otto},
  title = 	 {Handbook of Modal Logic},
  chapter = 	 {Model Theory of Modal Logic},
  publisher = 	 {Elsevier},
  year = 	 {2006},
  pages = 	 {255-325}
}
@article{GreenT06,
  author    = {Todd J. Green and
               Val Tannen},
  title     = {Models for Incomplete and Probabilistic Information},
  journal   = {IEEE Data Eng. Bull.},
  volume    = {29},
  number    = {1},
  year      = {2006},
  pages     = {17-24}
}
@article{AgrawalSUW10,
  author    = {Parag Agrawal and
               Anish Das Sarma and
               Jeffrey D. Ullman and
               Jennifer Widom},
  title     = {Foundations of Uncertain-Data Integration},
  journal   = {PVLDB},
  volume    = {3},
  number    = {1},
  year      = {2010},
  pages     = {1080-1090}
}

@article{CalvaneseGLLR08,
  author    = {Diego Calvanese and
               Giuseppe De Giacomo and
               Domenico Lembo and
               Maurizio Lenzerini and
               Riccardo Rosati},
  title     = {Inconsistency tolerance in P2P data integration: An epistemic
               logic approach},
  journal   = {Inf. Syst.},
  volume    = {33},
  number    = {4-5},
  year      = {2008},
  pages     = {360-384}
}
@article{GatterbauerBKS09,
  author    = {Wolfgang Gatterbauer and
               Magdalena Balazinska and
               Nodira Khoussainova and
               Dan Suciu},
  title     = {Believe It or Not: Adding Belief Annotations to Databases},
  journal   = {PVLDB},
  volume    = {2},
  number    = {1},
  year      = {2009},
  pages     = {1-12}
}
@article{Cadoli93,
  AUTHOR = {M. Cadoli and M. Schaerf},
  TITLE = {A Survey of Complexity Results for Non-Monotonic Logics},
  YEAR = 1993,
  JOURNAL = {Logic Programming},
  VOLUME = {17},
  PAGES = {127-160}
  }
  
  @inproceedings{Wagui15,
  author    = {Dalia Attia Waguih and
               Naman Goel and
               Hossam M. Hammady and
               Laure Berti{-}Equille},
  title     = {{AllegatorTrack:} Combining and reporting results of truth discovery
               from multi-source data},
  booktitle = {Proc. of {ICDE}},
  address = {Seoul, Korea},
  Publisher = {{IEEE}},
  pages     = {1440--1443},
  year      = {2015}
}
@Book{Berti2015,
 title = {Veracity of Big Data: From Truth Discovery Computation Algorithms to Models of Misinformation Dynamics},
 publisher = {Morgan \& Claypool Publishers},
 year = {2015},
 author = {Laure Berti-Equille and Javier Borge-Holthoefer},
 month = {December}
}
@inproceedings{Dong2014,
 author = {Dong, Xin and Gabrilovich, Evgeniy and Heitz, Geremy and Horn, Wilko and Lao, Ni and Murphy, Kevin and Strohmann, Thomas and Sun, Shaohua and Zhang, Wei},
 title = {Knowledge Vault: A Web-scale Approach to Probabilistic Knowledge Fusion},
 booktitle = {Proc. of KDD'14},
 year = {2014},
 pages = {601--610},
 numpages = {10}} 
 
 
  @inproceedings{VCSM14,
  author = {M. Volkovs and F. Chiang and J. Szlichta and R. J. Miller},
  title = {Continuous Data Cleaning},
  booktitle = {Proc. {ICDE}},
  address = {Chicago, USA},
  pages = {244 -- 255},
  year = {2014}
}
@inproceedings{eps270829,
       booktitle = {Proc, Web Science Conference},
           title = {Context Representation for the Semantic Web},
          author = {Jie Bao and Jiao Tao and Deborah L. McGuinness and Paul Smart},
          address = {Raleigh, USA},
          year = {2010}
}
@inproceedings{Ma15,
 author = {Ma, Fenglong and Li, Yaliang and Li, Qi and Qiu, Minghui and Gao, Jing and Zhi, Shi and Su, Lu and Zhao, Bo and Ji, Heng and Han, Jiawei},
 title = {{FaitCrowd:} Fine Grained Truth Discovery for Crowdsourced Data Aggregation},
 booktitle = {Proc. {SIGKDD}},
 year = {2015},
 location = {Sydney, NSW, Australia},
 pages = {745--754}
 }
 
 
 
@inproceedings{SahaS14,
  author    = {Barna Saha and
               Divesh Srivastava},
  title     = {Data quality: The other face of Big Data},
  booktitle = {Proc. of {IEEE} 30th International Conference on Data Engineering},
  pages     = {1294--1297},
  year      = {2014}
  
}



@misc{WB2014,
author={Worldbank},
title={{http://data.worldbank.org/}},
year= 2014
}
@book{Kuncheva2004CPC,
 author = {Kuncheva, Ludmila I.},
 title = {Combining Pattern Classifiers: Methods and Algorithms},
 year = {2004},
 publisher = {Wiley-Interscience},
} 


@inProceedings{Dietterich:2000,
 author = {Dietterich, Thomas G.},
 title = {Ensemble Methods in Machine Learning},
 booktitle = {Proc. of the First Workshop on Multiple Classifier Systems},

 year = {2000},
 pages = {1--15},
 
}
@article{GaoLZFH15,
  author    = {Jing Gao and
               Qi Li and
               Bo Zhao and
               Wei Fan and
               Jiawei Han},
  title     = {Truth Discovery and Crowdsourcing Aggregation: {A} Unified Perspective},
  journal   = {Proc. of the VLDB Endowment},
  volume    = {8},
  number    = {12},
  pages     = {2048--2059},
  year      = {2015}
}

@inProceedings{LiLGSZFH15,
  author    = {Yaliang Li and
               Qi Li and
               Jing Gao and
               Lu Su and
               Bo Zhao and
               Wei Fan and
               Jiawei Han},
  title     = {On the Discovery of Evolving Truth},
  booktitle = {Proc. of the 21th {ACM} {SIGKDD}  International Conference on Knowledge Discovery and Data Mining (KDD)
             },
  pages     = {675--684},
  year      = {2015}
}

@inProceedings{YinHY07,
  author    = {Xiaoxin Yin and
               Jiawei Han and
               Philip S. Yu},
  title     = {Truth discovery with multiple conflicting information providers on
               the web},
  booktitle = {Proc. of the 13th {ACM} {SIGKDD} International Conference on Knowledge Discovery and Data Mining (KDD) },
  pages     = {1048--1052},
  year      = {2007}
}


@inProceedings{MaLLQGZSZJH15,
  author    = {Fenglong Ma and
               Yaliang Li and
               Qi Li and
               Minghui Qiu and
               Jing Gao and
               Shi Zhi and
               Lu Su and
               Bo Zhao and
               Heng Ji and
               Jiawei Han},
  title     = {FaitCrowd: Fine Grained Truth Discovery for Crowdsourced Data Aggregation},
  booktitle = {Proc. of the 21th {ACM} {SIGKDD}  International Conference on Knowledge Discovery and Data Mining (KDD)    },
  pages     = {745--754},
  year      = {2015}
}
@article{LiLGSZDFH14,
  author    = {Qi Li and
               Yaliang Li and
               Jing Gao and
               Lu Su and
               Bo Zhao and
               Murat Demirbas and
               Wei Fan and
               Jiawei Han},
  title     = {A Confidence-Aware Approach for Truth Discovery on Long-Tail Data},
  journal   = {{Proc. of the VLDB Endowment}},
  volume    = {8},
  number    = {4},
  pages     = {425--436},
  year      = {2014}
}
@inProceedings{Wang2012,
 author = {Wang, Dong and Kaplan, Lance and Le, Hieu and Abdelzaher, Tarek},
 title = {On Truth Discovery in Social Sensing: A Maximum Likelihood Estimation Approach},
 booktitle = {Proc. of the 11th International Conference on Information Processing in Sensor Networks (IPSN)},
 year = {2012},
 pages = {233--244}
} 

@inProceedings{Wang2015b,
title={ An Integrated Bayesian Approach for Effective Multi-Truth Discovery},
author = { Xianzhi Wang and Quan Z. Sheng and Xiu Susie Fang and  Lina Yao and Xiaofei Xu and Xue Li},
 booktitle = {Proc. of the 24th ACM Conference on Information and Knowledge Management (CIKM)},
month = {October }, 
year = {2015}
}

@inProceedings{Wang2015a,
title={Approximate Truth Discovery via Problem Scale Reduction},
author = { Xianzhi Wang and Quan Z. Sheng and Xiu Susie Fang and Xue Li and Xiaofei Xu and Lina Yao},
booktitle = {Proc. of the 24th ACM Conference on Information and Knowledge Management (CIKM)},
month = {October }, 
year = {2015}
}
@inProceedings{Fan2006,
 author = {Fan, Wei and Davidson, Ian},
 title = {Reverse Testing: An Efficient Framework to Select Amongst Classifiers Under Sample Selection Bias},
 booktitle = {Proc. of the 21th {ACM} {SIGKDD}  International Conference on Knowledge Discovery and Data Mining (KDD)},

 year = {2006},
 pages = {147--156}
} 
@inProceedings{Zadrozny2004,
 author = {Zadrozny, Bianca},
 title = {Learning and Evaluating Classifiers Under Sample Selection Bias},
 booktitle = {Proc. of the Twenty-first International Conference on Machine Learning (ICML)},
 year = {2004}
} 



@inProceedings{JiaWLG13,
  author    = {Li Jia and
               Hongzhi Wang and
               Jianzhong Li and
               Hong Gao},
  title     = {Incremental Truth Discovery for Information from Multiple Data Sources},
  booktitle = {Proc. of the Web-Age Information Management ({WAIM}) 2013 International Workshops},
  pages     = {56--66},
  year      = {2013}
}

@inProceedings{Zhao2014,
 author = {Zhao, Zhou and Cheng, James and Ng, Wilfred},
 title = {Truth Discovery in Data Streams: A Single-Pass Probabilistic Approach},
 booktitle = {Proc. of the 23rd ACM International Conference on Conference on Information and Knowledge Management (CIKM)},
 year = {2014},
 pages = {1589--1598},
} 
@inProceedings{ZhiZTGYJH15,
  author    = {Shi Zhi and
               Bo Zhao and
               Wenzhu Tong and
               Jing Gao and
               Dian Yu and
               Heng Ji and
               Jiawei Han},
  title     = {Modeling Truth Existence in Truth Discovery},
  booktitle = {Proc. of the 21th {ACM} {SIGKDD}  International Conference on Knowledge Discovery and Data Mining (KDD)
              },
  pages     = {1543--1552},
  year      = {2015}
}
@inProceedings{ImranECDM13,
  author    = {Muhammad Imran and
               Shady Elbassuoni and
               Carlos Castillo and
               Fernando Diaz and
               Patrick Meier},
  title     = {{Practical Extraction of Disaster-Relevant Information from
               Social Media}},
  booktitle = {Proc. of the International Conference on World Wide Web (WWW)},
  year      = {2013},
  pages     = {1021-1024}
  }
@article{DongBS09,
  author    = {Xin Luna Dong and
               Laure Berti-Equille and
               Divesh Srivastava},
  title     = {Integrating Conflicting Data: The Role of Source Dependence},
  journal   = {{Proc. of the VLDB Endowment}},
  volume    = {2},
  number    = {1},
  year      = {2009},
  pages     = {550-561}
}

@inProceedings{Wu2014,
  author    = {You Wu and Pankaj K. Agarwal and Chengkai Li and Jun Yang and Cong Yu},
  title     = {{Toward Computational Fact-Checking}},
  booktitle   = {{Proc. of the VLDB Endowment}},
  year      = {2014},
}


@inProceedings{BalakrishnanK11,
  author    = {Raju Balakrishnan and
               Subbarao Kambhampati},
  title     = {{SourceRank: Relevance and Trust Assessment for Deep Web
               Sources based on Inter-source Agreement}},
  booktitle = {Proc. of the International Conference on World Wide Web (WWW)},
  year      = {2011},
  pages     = {227-236}
}





@misc{BW2014,
  author    = { Dalia Attia Waguih and Laure Berti-Equille 
                },
 howpublished = {QCRI Technical Report },
  title     = {{Truth Discovery Algorithms: An Experimental Evaluation}},
  year = {2014},
  month = {May}
  }
  
  
@inProceedings{GeGYFZ12,
  author    = {Liang Ge and
               Jing Gao and
               Xiao Yu and
               Wei Fan and
               Aidong Zhang},
  title     = {{Estimating Local Information Trustworthiness via Multi-source
               Joint Matrix Factorization}},
  booktitle = {Proc. of the IEEE International Conference on Data Mining (ICDM)},
  year      = {2012},
  pages     = {876-881}
}


@inProceedings{Pasternack:2010,
 author = {Pasternack, Jeff and Roth, Dan},
 title = {Knowing What to Believe (when You Already Know Something)},
 booktitle = {Proc. of the Conference on Computational Linguistics (COLING)},
 year = {2010},
 pages = {877--885},
 
} 

@inProceedings{VydiswaranZR11,
    author = {Vydiswaran, V. G. Vinod and Zhai, ChengXiang and Roth, Dan},
  booktitle = { Proc. of the  {ACM} {SIGKDD} International Conference on Knowledge Discovery and Data Mining (KDD)},
  pages = {974-982},

  title = {Content-driven trust propagation framework},
  year = {2011}
}



@inProceedings{RekatsinasDS14,
  author    = {Theodoros Rekatsinas and
               Xin Luna Dong and
               Divesh Srivastava},
  title     = {Characterizing and selecting fresh data sources},
  booktitle = {Proc. of the ACM SIGMOD  Conference  },
  year      = {2014},
  pages     = {919--930}
}

@article{SalloumDST13,
  author    = {Mariam Salloum and
               Xin Luna Dong and
               Divesh Srivastava and
               Vassilis J. Tsotras},
  title     = {Online Ordering of Overlapping Data Sources},
  journal   = {Proc. of the VLDB Endowment},
  year      = {2013},
  volume    = {7},
  number    = {3},
  pages     = {133--144}
}



@article{Dong:2010,
 author = {Dong, Xin Luna and Berti-Equille, Laure and Hu, Yifan and Srivastava, Divesh},
 title = {{Global Detection of Complex Copying Relationships Between Sources}},
 journal = {Proc. of the VLDB Endowment},
 issue_date = {September 2010},
 volume = {3},
 number = {1-2},
 year = {2010},
 pages = {1358--1369}} 

@inProceedings{sigmod14,
title = {{ Resolving Conflicts in Heterogeneous Data by Truth Discovery and Source Reliability Estimation  }},
author = {Qi Li and  Yaliang Li and Jing Gao and Bo Zhao and Wei Fan and Jiawei Han},
  booktitle = {Proc. of the 2014 ACM SIGMOD International Conference on Management of Data},
year = 2014
}


@inProceedings{vldb14,
title = {{ From Data Fusion to Knowledge Fusion}},
author = {Xin Luna Dong and Evgeniy Gabrilovich and Geremy Heitz and Wilko Horn and
Kevin Murphy and Shaohua Sun and Wei Zhang},
  booktitle = {Proc. of the VLDB Endowment},
year = 2014
}
@inProceedings{PasternackR13,
  author    = {Jeff Pasternack and
               Dan Roth},
  title     = {{Latent Credibility Analysis}},
  booktitle = {WWW},
  year      = {2013},
  pages     = {1009-1020}
  }
  
  @inProceedings{Dong:2014,
 author = {Dong, Xin and Gabrilovich, Evgeniy and Heitz, Geremy and Horn, Wilko and Lao, Ni and Murphy, Kevin and Strohmann, Thomas and Sun, Shaohua and Zhang, Wei},
 title = {Knowledge Vault: A Web-scale Approach to Probabilistic Knowledge Fusion},
 booktitle = {Proc. of the 20th ACM SIGKDD International Conference on Knowledge Discovery and Data Mining (KDD)},
 year = {2014},

 pages = {601--610}
}
@article{LiDLMS12,
  author    = {Xian Li and
               Xin Luna Dong and
               Kenneth Lyons and
               Weiyi Meng and
               Divesh Srivastava},
  title     = {{Truth Finding on the Deep Web: Is the Problem Solved?}},
  journal   = {Proc. of the VLDB Endowment},
  volume    = {6},
  number    = {2},
  year      = {2012},
  pages     = {97-108}
}
@article{LiDLMS15a,
  author    = {Xian Li and
               Xin Luna Dong and
               Kenneth Lyons and
               Weiyi Meng and
               Divesh Srivastava},
  title     = {Scaling up Copy Detection},
  journal   = {CoRR},
  volume    = {abs/1503.00309},
  year      = {2015}
}
@inProceedings{YuHCJWZHVM14,
  author    = {Dian Yu and
               Hongzhao Huang and
               Taylor Cassidy and
               Heng Ji and
               Chi Wang and
               Shi Zhi and
               Jiawei Han and
               Clare R. Voss and
               Malik Magdon{-}Ismail},
  title     = {The Wisdom of Minority: Unsupervised Slot Filling Validation based
               on Multi-dimensional Truth-Finding},
  booktitle = {Proc. of the 25th International Conference on Computational Linguistics
             ({COLING})},
  pages     = {1567--1578},
  year      = {2014}
}

@inProceedings{GallandAMS10,
  author    = {Alban Galland and
               Serge Abiteboul and
               Am{\'e}lie Marian and
               Pierre Senellart},
  title     = {{Corroborating Information from Disagreeing Views}},
  booktitle = {WSDM},
  year      = {2010},
  pages     = {131-140}
}
@inProceedings{GoasdoueKKLMZ13,
  author    = {Fran\c{c}ois Goasdou{\'e} and
               Konstantinos Karanasos and
               Yannis Katsis and
               Julien Leblay and
               Ioana Manolescu and
               Stamatis Zampetakis},
  title     = {{Fact Checking and Analyzing the Web}},
  booktitle = {SIGMOD},
  year      = {2013},
  pages     = {997-1000}
}


@inproceedings{Pochampally2014,
 author = {Pochampally, Ravali and Das Sarma, Anish and Dong, Xin Luna and Meliou, Alexandra and Srivastava, Divesh},
 title = {Fusing Data with Correlations},
 booktitle = {Proceedings of the 2014 ACM SIGMOD International Conference on Management of Data (SIGMOD'14)},
 year = {2014},
 pages = {433--444}
} 

@article{DongBHS10a,
  author    = {Xin Dong and
               Laure Berti-Equille and
               Yifan Hu and
               Divesh Srivastava},
  title     = {{SOLOMON: Seeking the Truth Via Copying Detection}},
  journal   = {Proc. of the VLDB Endowment},
  volume    = {3},
  number    = {2},
  year      = {2010},
  pages     = {1617-1620}
}
@article{DongBS09a,
  author    = {Xin Luna Dong and
               Laure Berti-Equille and
               Divesh Srivastava},
  title     = {{Truth Discovery and Copying Detection in a Dynamic World}},
  journal   = {Proc. of the VLDB Endowment},
  volume    = {2},
  number    = {1},
  year      = {2009},
  pages     = {562-573}
}



@article{ZhaoRGH12,
  author    = {Bo Zhao and
               Benjamin I. P. Rubinstein and
               Jim Gemmell and
               Jiawei Han},
  title     = {{A Bayesian Approach to Discovering Truth from Conflicting
               Sources for Data Integration}},
  journal   = {Proc. of the VLDB Endowment},
  volume    = {5},
  number    = {6},
  year      = {2012},
  pages     = {550-561}
}


@article{WuAL0Y14,
  author    = {You Wu and
               Pankaj K. Agarwal and
               Chengkai Li and
               Jun Yang and
               Cong Yu},
  title     = {Toward Computational Fact-Checking},
  journal   = {Proc. of the VLDB Endowment},
  volume    = {7},
  number    = {7},
  year      = {2014},
  pages     = {589-600}
}

@article{Domingos:1997,
 author = {Domingos, Pedro and Pazzani, Michael},
 title = {On the Optimality of the Simple Bayesian Classifier Under Zero-One Loss},
 journal = {Mach. Learn.},

 volume = {29},
 number = {2-3},
 month = nov,
 year = {1997},

 pages = {103--130},
 numpages = {28}
 
} 