@inproceedings{Wagui15,
  author    = {Dalia Attia Waguih and
               Naman Goel and
               Hossam M. Hammady and
               Laure Berti{-}Equille},
  title     = {{AllegatorTrack:} Combining and reporting results of truth discovery
               from multi-source data},
  booktitle = {Proc. {ICDE}},
  pages     = {1440--1443},
  year      = {2015}
}

@inproceedings{Hassan15,
 author = {Hassan, Naeemul and Li, Chengkai and Tremayne, Mark},
 title = {Detecting Check-worthy Factual Claims in Presidential Debates},
 booktitle = {Proc. {CIKM}},
 year = {2015},
 location = {Melbourne, Australia},
 pages = {1835--1838},
 publisher = {ACM}
} 
@article{Etzioni08,
 author = {Etzioni, Oren and Banko, Michele and Soderland, Stephen and Weld, Daniel S.},
 title = {{Open Information Extraction from the Web}},
 journal = {Commun. ACM},
 volume = {51},
 number = {12},
 month = dec,
 year = {2008},
 pages = {68--74},
 publisher = {ACM}
} 


@inproceedings{Yates07,
 author = {Yates, Alexander and Cafarella, Michael and Banko, Michele and Etzioni, Oren and Broadhead, Matthew and Soderland, Stephen},
 title = {{TextRunner:} {Open Information Extraction on the Web}},
 booktitle = {Proc. NAACL},
 year = {2007},
 location = {Rochester, New York},
 pages = {25--26},
 publisher = {Association for Computational Linguistics}
}