@INPROCEEDINGS{7113396, 
author={Waguih, D.A. and Goel, N. and Hammady, H.M. and Berti-Equille, L.}, 
booktitle={Data Engineering (ICDE), 2015 IEEE 31st International Conference on}, 
title={AllegatorTrack: Combining and reporting results of truth discovery from multi-source data}, 
year={2015}, 
pages={1440-1443},  
doi={10.1109/ICDE.2015.7113396}, 
month={April}
}
@article{DBLP:journals/corr/WaguihB14,
  author    = {Dalia Attia Waguih and
               Laure Berti{-}Equille},
  title     = {Truth Discovery Algorithms: An Experimental Evaluation},
  journal   = {CoRR},
  volume    = {abs/1409.6428},
  year      = {2014},
  url       = {http://arxiv.org/abs/1409.6428},
  timestamp = {Wed, 01 Oct 2014 15:00:05 +0200},
  biburl    = {http://dblp.uni-trier.de/rec/bib/journals/corr/WaguihB14},
  bibsource = {dblp computer science bibliography, http://dblp.org}
}
@book{laurebook,
author = {Laure, Berti-Equille and J, Borge-Holthoefer},
title =  {Veracity of Big Data: From Truth Discovery Computation Algorithms to Models of Misinformation Dynamics},
booktitle = {Synthesis Lecture on Data Management},
publisher = {Morgane \& Claypool Publishers},
note = {To appear}
}